<?xml version="1.0" encoding="UTF-8"?><collection xmlns="http://www.loc.gov/MARC21/slim"><record><leader>00520nam--2200181-u-4500</leader><controlfield tag="001">000052894</controlfield><controlfield tag="002">20161230</controlfield><controlfield tag="005">20161230201050</controlfield><controlfield tag="008">101126s1000------------r-----000-0-rus-d</controlfield><datafield ind1=" " ind2=" " tag="040"><subfield code="a">IFIN-HH</subfield></datafield><datafield ind1=" " ind2=" " tag="041"><subfield code="a">rus</subfield></datafield><datafield ind1=" " ind2=" " tag="080"><subfield code="a">535.4:537.8</subfield></datafield><datafield ind1="1" ind2=" " tag="100"><subfield code="a">Shestopalov, V.P</subfield></datafield><datafield ind1="1" ind2="0" tag="245"><subfield code="a">Metod zadaci rimana - gilberta v teorii difraktii i rasprostraneniia elektromagnitnih voln</subfield><subfield code="c">V.p. shestopalov</subfield></datafield><datafield ind1=" " ind2=" " tag="260"><subfield code="a">Harkov</subfield><subfield code="b">Harkovskogo Universiteta</subfield><subfield code="c">1971</subfield></datafield><datafield ind1=" " ind2=" " tag="300"><subfield code="a">400P</subfield></datafield><datafield ind1=" " ind2=" " tag="852"><subfield code="a">75351</subfield><subfield code="c">535</subfield></datafield><datafield ind1=" " ind2=" " tag="CAT"><subfield code="a">Sys</subfield><subfield code="c">20101126</subfield><subfield code="h">114644</subfield></datafield></record></collection>